<record><leader>00000cas a2200000 a 4500</leader><controlfield tag="001">9741259</controlfield><controlfield tag="008">830726d19311938nyudn ne      0    0eng c</controlfield><datafield ind1=" " ind2=" " tag="010"><subfield code="a">sn 83031003 </subfield></datafield><datafield ind1=" " ind2=" " tag="040"><subfield code="a">NPU</subfield><subfield code="b">eng</subfield><subfield code="c">NPU</subfield><subfield code="d">NYG</subfield><subfield code="d">NYS</subfield><subfield code="d">OCLCQ</subfield><subfield code="d">OCLCF</subfield><subfield code="d">OCLCO</subfield></datafield><datafield ind1="1" ind2=" " tag="029"><subfield code="a">AU@</subfield><subfield code="b">000020293886</subfield></datafield><datafield ind1=" " ind2=" " tag="042"><subfield code="a">pcc</subfield></datafield><datafield ind1=" " ind2=" " tag="043"><subfield code="a">n-us-ny</subfield></datafield><datafield ind1="0" ind2=" " tag="130"><subfield code="a">North Shore daily journal (Flushing, New York, N.Y.)</subfield></datafield><datafield ind1="1" ind2="0" tag="245"><subfield code="a">North Shore daily journal.</subfield></datafield><datafield ind1=" " ind2=" " tag="250"><subfield code="a">[Queens ed.].</subfield></datafield><datafield ind1=" " ind2=" " tag="260"><subfield code="a">Flushing, N.Y. :</subfield><subfield code="b">Flushing Evening Journal Pub. Co.,</subfield><subfield code="c">1931-1938.</subfield></datafield><datafield ind1=" " ind2=" " tag="300"><subfield code="a">v. :</subfield><subfield code="b">ill. ;</subfield><subfield code="c">58 cm.</subfield></datafield><datafield ind1=" " ind2=" " tag="310"><subfield code="a">Daily (except Sundays and holidays)</subfield></datafield><datafield ind1="0" ind2=" " tag="362"><subfield code="a">89th year (Jan. 19, 1931)-97th year (Sept. 10, 1938).</subfield></datafield><datafield ind1=" " ind2=" " tag="500"><subfield code="a">T. Harold Forbes, editor and publisher &lt;1937&gt;.</subfield></datafield><datafield ind1=" " ind2=" " tag="500"><subfield code="a">"Flushing Evening Journal" in parentheses on masthead.</subfield></datafield><datafield ind1=" " ind2="0" tag="651"><subfield code="a">Flushing (New York, N.Y.)</subfield><subfield code="v">Newspapers.</subfield></datafield><datafield ind1=" " ind2="0" tag="651"><subfield code="a">Queens (New York, N.Y.)</subfield><subfield code="v">Newspapers.</subfield></datafield><datafield ind1=" " ind2="0" tag="651"><subfield code="a">Queens County (N.Y.)</subfield><subfield code="v">Newspapers.</subfield></datafield><datafield ind1=" " ind2="0" tag="651"><subfield code="a">New York (N.Y.)</subfield><subfield code="v">Newspapers.</subfield></datafield><datafield ind1=" " ind2="7" tag="655"><subfield code="a">Newspapers.</subfield><subfield code="2">fast</subfield><subfield code="0">(OCoLC)fst01423814</subfield></datafield><datafield ind1=" " ind2="7" tag="651"><subfield code="a">New York (State)</subfield><subfield code="z">New York.</subfield><subfield code="2">fast</subfield><subfield code="0">(OCoLC)fst01204333</subfield></datafield><datafield ind1=" " ind2="7" tag="651"><subfield code="a">New York (State)</subfield><subfield code="z">New York</subfield><subfield code="z">Flushing.</subfield><subfield code="2">fast</subfield><subfield code="0">(OCoLC)fst01312383</subfield></datafield><datafield ind1=" " ind2="7" tag="651"><subfield code="a">New York (State)</subfield><subfield code="z">New York</subfield><subfield code="z">Queens.</subfield><subfield code="2">fast</subfield><subfield code="0">(OCoLC)fst01313007</subfield></datafield><datafield ind1=" " ind2="7" tag="651"><subfield code="a">New York (State)</subfield><subfield code="z">Queens County.</subfield><subfield code="2">fast</subfield><subfield code="0">(OCoLC)fst01246810</subfield></datafield><datafield ind1=" " ind2=" " tag="752"><subfield code="a">United States</subfield><subfield code="b">New York</subfield><subfield code="c">Queens</subfield><subfield code="d">Flushing (New York, N.Y.)</subfield></datafield><datafield ind1=" " ind2=" " tag="752"><subfield code="a">United States</subfield><subfield code="b">New York</subfield><subfield code="d">New York.</subfield></datafield><datafield ind1="0" ind2=" " tag="775"><subfield code="t">North Shore daily journal (Great Neck, N.Y.)</subfield><subfield code="w">(DLC)sn 95071385</subfield><subfield code="w">(OCoLC)33201535</subfield></datafield><datafield ind1="0" ind2="0" tag="780"><subfield code="t">Flushing evening journal</subfield><subfield code="w">(DLC)sn 83030998</subfield><subfield code="w">(OCoLC)9737589</subfield></datafield><datafield ind1="0" ind2="7" tag="785"><subfield code="t">Long Island daily star</subfield><subfield code="w">(DLC)sn 84031860</subfield><subfield code="w">(OCoLC)11254955</subfield></datafield><datafield ind1="0" ind2="7" tag="785"><subfield code="t">Long Island daily star and North Shore daily journal</subfield><subfield code="w">(DLC)sn 89071117</subfield><subfield code="w">(OCoLC)19481799</subfield></datafield></record>